<record><leader>00000cas a22000007a 4500</leader><controlfield tag="001">14917849</controlfield><controlfield tag="008">861203d18991917pauwr ne      0    0eng d</controlfield><datafield ind1=" " ind2=" " tag="010"><subfield code="a">sn 89077090 </subfield></datafield><datafield ind1=" " ind2=" " tag="040"><subfield code="a">NPH</subfield><subfield code="b">eng</subfield><subfield code="c">NPH</subfield><subfield code="d">OCLCQ</subfield></datafield><datafield ind1=" " ind2=" " tag="042"><subfield code="a">msc</subfield></datafield><datafield ind1="0" ind2=" " tag="130"><subfield code="a">Butler herald (Butler, Pa.)</subfield></datafield><datafield ind1="1" ind2="4" tag="245"><subfield code="a">The Butler herald.</subfield></datafield><datafield ind1=" " ind2=" " tag="260"><subfield code="a">Butler, Pa. :</subfield><subfield code="b">P.A. Rattigan &amp; Sons,</subfield><subfield code="c">1899-</subfield></datafield><datafield ind1=" " ind2=" " tag="300"><subfield code="a">v.</subfield></datafield><datafield ind1=" " ind2=" " tag="310"><subfield code="a">Weekly</subfield></datafield><datafield ind1="0" ind2=" " tag="362"><subfield code="a">76th yr., no. 49 (June 9, 1899)-</subfield></datafield><datafield ind1="1" ind2=" " tag="362"><subfield code="a">Ceased in 1917?</subfield><subfield code="z">Cf. Rossell, G.E., Pa. newspapers.</subfield></datafield><datafield ind1=" " ind2=" " tag="752"><subfield code="a">United States</subfield><subfield code="b">Pennsylvania</subfield><subfield code="c">Butler</subfield><subfield code="d">Butler.</subfield></datafield><datafield ind1="0" ind2="4" tag="780"><subfield code="t">Democratic herald (Butler, Pa. : 1882)</subfield><subfield code="w">(DLC)sn 89077585</subfield></datafield><datafield ind1="0" ind2="4" tag="780"><subfield code="t">Millerstown herald</subfield><subfield code="w">(DLC)sn 86063525</subfield></datafield></record>